
@article{spiegelhalter2019,
	title = {The Art of Statistics: How to Learn from Data},
	author = {Spiegelhalter, David},
	year = {2019},
	date = {2019},
	journal = {New York: Basic books, Hatchet book group},
	volume = {1},
	number = {1},
}
