
@article{breil2010,
	title = {Block training periodization in alpine skiing: effects of 11-day HIT on VO2max and performance},
	author = {Breil, Fabio A. and Weber, Simone N. and Koller, Stefan and Hoppeler, Hans and Vogt, Michael},
	year = {2010},
	month = {04},
	date = {2010-04-04},
	journal = {European Journal of Applied Physiology},
	pages = {1077--1086},
	volume = {109},
	number = {6},
	doi = {10.1007/s00421-010-1455-1},
	url = {http://dx.doi.org/10.1007/s00421-010-1455-1},
	langid = {en}
}

@article{rønnestad2012,
	title = {Block periodization of high{-}intensity aerobic intervals provides superior training effects in trained cyclists},
	author = {{Rønnestad}, B. R. and Hansen, J. and Ellefsen, S.},
	year = {2012},
	month = {05},
	date = {2012-05-31},
	journal = {Scandinavian Journal of Medicine & Science in Sports},
	pages = {34--42},
	volume = {24},
	number = {1},
	doi = {10.1111/j.1600-0838.2012.01485.x},
	url = {http://dx.doi.org/10.1111/j.1600-0838.2012.01485.x},
	langid = {en}
}

@article{rønnestad2012a,
	title = {Effects of 12 weeks of block periodization on performance and performance indices in well{-}trained cyclists},
	author = {{Rønnestad}, B. R. and Ellefsen, S. and Nygaard, H. and Zacharoff, E. E. and Vikmoen, O. and Hansen, J. and {Hallén}, J.},
	year = {2012},
	month = {11},
	date = {2012-11-08},
	journal = {Scandinavian Journal of Medicine & Science in Sports},
	pages = {327--335},
	volume = {24},
	number = {2},
	doi = {10.1111/sms.12016},
	url = {http://dx.doi.org/10.1111/sms.12016},
	langid = {en}
}

@article{javaloyes2020,
	title = {Training Prescription Guided by Heart Rate Variability Vs. Block Periodization in Well-Trained Cyclists},
	author = {Javaloyes, Alejandro and Sarabia, Jose M. and Lamberts, Robert P. and Plews, Daniel and Moya-Ramon, Manuel},
	year = {2020},
	month = {06},
	date = {2020-06},
	journal = {Journal of Strength and Conditioning Research},
	pages = {1511--1518},
	volume = {34},
	number = {6},
	doi = {10.1519/jsc.0000000000003337},
	url = {http://dx.doi.org/10.1519/JSC.0000000000003337},
	langid = {en}
}

@article{almquist2022,
	title = {No Differences Between 12{\hspace{0.167em}}Weeks of Block- vs. Traditional-Periodized Training in Performance Adaptations in Trained Cyclists},
	author = {Almquist, Nicki Winfield and Eriksen, Hanne Berg and Wilhelmsen, Malene and Hamarsland, {Håvard} and Ing, Steven and Ellefsen, Stian and Sandbakk, {Øyvind} and {Rønnestad}, Bent R. and Skovereng, Knut},
	year = {2022},
	month = {03},
	date = {2022-03-01},
	journal = {Frontiers in Physiology},
	volume = {13},
	doi = {10.3389/fphys.2022.837634},
	url = {http://dx.doi.org/10.3389/fphys.2022.837634}
}

@article{walker2024,
	title = {Heart Rate Variability (HRV)},
	author = {Walker, Owen},
	year = {2024},
	month = {02},
	date = {2024-02-029},
	journal = {Science for Sport},
	volume = {0},
	url = {https://www.scienceforsport.com/heart-rate-variability-hrv/}
}

@article{hulley2013,
	title = {Designing Clinical Research - Fourth edition},
	author = {Hulley, Stephen B. and Cummings, Steven R. and Browner, Warren S. and Grady, Deborah G. and Newman, Thomas B.},
	year = {2013},
	journal = {LIPPINCOTT WILLIAMS & WILKINS, a WOLTERS KLUWER business},
	volume = {2},
	url = {file:///C:/Users/Anders%20Nybakk/OneDrive/Skrivebord/Kvantitativ%20metode%20og%20statistik/Hulley%20(2013)%20-%20Designingclinicalresearch_4th-edition.pdf}
}

@misc{brosowsky2020,
	title = {Teaching undergraduate students to read empirical articles: An evaluation and revision of the QALMRI method},
	author = {Brosowsky, Nicholaus and Parshina, Olga and Locicero, Anthony and Crump, Matthew John Charles},
	year = {2020},
	month = {06},
	date = {2020-06-01},
	url = {http://dx.doi.org/10.31234/osf.io/p39sc}
}

@article{pauw2013,
	title = {Guidelines to Classify Subject Groups in Sport-Science Research},
	author = {Pauw, Kevin De and Roelands, Bart and Cheung, Stephen S. and de Geus, Bas and Rietjens, Gerard and Meeusen, Romain},
	year = {2013},
	month = {03},
	date = {2013-03},
	journal = {International Journal of Sports Physiology and Performance},
	pages = {111--122},
	volume = {8},
	number = {2},
	doi = {10.1123/ijspp.8.2.111},
	url = {http://dx.doi.org/10.1123/ijspp.8.2.111}
}