
@article{progress2009,
	title = {Progression Models in Resistance Training for Healthy Adults},
	year = {2009},
	month = {03},
	date = {2009-03},
	journal = {Medicine & Science in Sports & Exercise},
	pages = {687--708},
	volume = {41},
	number = {3},
	doi = {10.1249/mss.0b013e3181915670},
	url = {http://dx.doi.org/10.1249/MSS.0b013e3181915670},
	langid = {en}
}

@article{currier2023,
	title = {Resistance training prescription for muscle strength and hypertrophy in healthy adults: a systematic review and Bayesian network meta-analysis},
	author = {Currier, Brad S and Mcleod, Jonathan C and Banfield, Laura and Beyene, Joseph and Welton, Nicky J and {D'Souza}, Alysha C and Keogh, Joshua A J and Lin, Lydia and Coletta, Giulia and Yang, Antony and Colenso-Semple, Lauren and Lau, Kyle J and Verboom, Alexandria and Phillips, Stuart M},
	year = {2023},
	month = {07},
	date = {2023-07-06},
	journal = {British Journal of Sports Medicine},
	pages = {1211--1220},
	volume = {57},
	number = {18},
	doi = {10.1136/bjsports-2023-106807},
	url = {http://dx.doi.org/10.1136/bjsports-2023-106807},
	langid = {en}
}

@article{schoenfeld2019,
	title = {Resistance Training Volume Enhances Muscle Hypertrophy but Not Strength in Trained Men},
	author = {SCHOENFELD, BRAD J. and CONTRERAS, BRET and KRIEGER, JAMES and GRGIC, JOZO and DELCASTILLO, KENNETH and BELLIARD, RAMON and ALTO, ANDREW},
	year = {2019},
	month = {01},
	date = {2019-01},
	journal = {Medicine & Science in Sports & Exercise},
	pages = {94--103},
	volume = {51},
	number = {1},
	doi = {10.1249/mss.0000000000001764},
	url = {http://dx.doi.org/10.1249/MSS.0000000000001764},
	langid = {en}
}

@article{ruple2023,
	title = {The effects of resistance training to near failure on strength, hypertrophy, and motor unit adaptations in previously trained adults},
	author = {Ruple, Bradley A. and Plotkin, Daniel L. and Smith, Morgan A. and Godwin, Joshua S. and Sexton, Casey L. and McIntosh, Mason C. and Kontos, Nicholas J. and Beausejour, Jonathan P. and Pagan, Jason I. and Rodriguez, Juan P. and Sheldon, Daniel and Knowles, Kevan S. and Libardi, Cleiton A. and Young, Kaelin C. and Stock, Matt S. and Roberts, Michael D.},
	year = {2023},
	month = {05},
	date = {2023-05},
	journal = {Physiological Reports},
	volume = {11},
	number = {9},
	doi = {10.14814/phy2.15679},
	url = {http://dx.doi.org/10.14814/phy2.15679},
	langid = {en}
}

@article{schoenfeld2016,
	title = {Longer Interset Rest Periods Enhance Muscle Strength and Hypertrophy in Resistance-Trained Men},
	author = {Schoenfeld, Brad J. and Pope, Zachary K. and Benik, Franklin M. and Hester, Garrett M. and Sellers, John and Nooner, Josh L. and Schnaiter, Jessica A. and Bond-Williams, Katherine E. and Carter, Adrian S. and Ross, Corbin L. and Just, Brandon L. and Henselmans, Menno and Krieger, James W.},
	year = {2016},
	month = {07},
	date = {2016-07},
	journal = {Journal of Strength and Conditioning Research},
	pages = {1805--1812},
	volume = {30},
	number = {7},
	doi = {10.1519/jsc.0000000000001272},
	url = {http://dx.doi.org/10.1519/JSC.0000000000001272},
	langid = {en}
}

@article{naclerio2013,
	title = {Effects of Different Resistance Training Volumes on Strength and Power in Team Sport Athletes},
	author = {Naclerio, Fernando and Faigenbaum, Avery D. and Larumbe-Zabala, Eneko and Perez-Bibao, Txomin and Kang, Jie and Ratamess, Nicholas A. and Triplett, N. T.},
	year = {2013},
	month = {07},
	date = {2013-07},
	journal = {Journal of Strength and Conditioning Research},
	pages = {1832--1840},
	volume = {27},
	number = {7},
	doi = {10.1519/jsc.0b013e3182736d10},
	url = {http://dx.doi.org/10.1519/JSC.0b013e3182736d10},
	langid = {en}
}

@article{androulakis-korakakis2019,
	title = {The Minimum Effective Training Dose Required to Increase 1RM Strength in Resistance-Trained Men: A Systematic Review and Meta-Analysis},
	author = {Androulakis-Korakakis, Patroklos and Fisher, James P. and Steele, James},
	year = {2019},
	month = {12},
	date = {2019-12-03},
	journal = {Sports Medicine},
	pages = {751--765},
	volume = {50},
	number = {4},
	doi = {10.1007/s40279-019-01236-0},
	url = {http://dx.doi.org/10.1007/s40279-019-01236-0},
	langid = {en}
}

@article{mitchell2012,
	title = {Resistance exercise load does not determine training-mediated hypertrophic gains in young men},
	author = {Mitchell, Cameron J. and Churchward-Venne, Tyler A. and West, Daniel W. D. and Burd, Nicholas A. and Breen, Leigh and Baker, Steven K. and Phillips, Stuart M.},
	year = {2012},
	month = {07},
	date = {2012-07-01},
	journal = {Journal of Applied Physiology},
	pages = {71--77},
	volume = {113},
	number = {1},
	doi = {10.1152/japplphysiol.00307.2012},
	url = {http://dx.doi.org/10.1152/japplphysiol.00307.2012},
	langid = {en}
}

@article{lme4,
	title = {Fitting Linear Mixed-Effects Models Using {\textbraceleft}lme4{\textbraceright}},
	author = {Bates, Douglas and MÃ¤chler, Martin and Bolker, Ben and Walker, Steve},
	year = {2015},
	date = {2015},
	volume = {67},
	doi = {10.18637/jss.v067.i01}
}

@manual{R,
	title = {R: A Language and Environment for Statistical Computing}},
	author = {R Core Team},
	year = {2024},
	date = {2024},
	volume = {Chocolate Cosmos}
	url = {https://www.R-project.org/},
	
