@article{bass2016,
	title = {An overview of technical considerations for Western blotting applications to physiological research},
	author = {Bass, J. J. and Wilkinson, D. J. and Rankin, D. and Phillips, B. E. and Szewczyk, N. J. and Smith, K. and Atherton, P. J.},
	year = {2016},
	month = {06},
	date = {2016-06-05},
	journal = {Scandinavian Journal of Medicine & Science in Sports},
	pages = {4--25},
	volume = {27},
	number = {1},
	doi = {10.1111/sms.12702},
	url = {http://dx.doi.org/10.1111/sms.12702},
	langid = {en}
}

@inbook{noble2009,
	title = {Chapter 8 Quantitation of Protein},
	author = {Noble, James E. and Bailey, Marc J.A.},
	year = {2009},
	date = {2009},
	publisher = {Elsevier},
	pages = {73--95},
	doi = {10.1016/s0076-6879(09)63008-1},
	url = {http://dx.doi.org/10.1016/S0076-6879(09)63008-1}
}