@Book{okasha2016,
  title     = {Philosophy of Science - A Very Short Introduction},
  author    = {Okasha, S.},
  publisher = {Oxford University Press},
  year      = {2016},
  edition   = {2nd}
  }
  
@Book{popper1969,
  title     = {Conjectures and refutations : the growth of scientific knowledge},
  author    = {Popper, K.},
  publisher = {Routledge and Kegan Paul},
  year      = {1969},
  edition   = {1rst}
  }
  
  
